
@InProceedings{	  Langtangen2008a,
  author	= {Hans Petter Langtangen and Xing Cai},
  booktitle	= {Modeling, {{Simulation}} and {{Optimization}} of {{Complex
		  Processes}}},
  doi		= {10.1007/978-3-540-79409-7_23},
  editor	= {Hans Georg Bock and Ekaterina Kostina and Hoang Xuan Phu
		  and Rolf Rannacher},
  isbn		= {978-3-540-79409-7},
  keywords	= {Extension Module, Fortran Subroutine, Message Passing,
		  Python Programming Language, Speedup Result},
  language	= {en},
  pages		= {337–357},
  publisher	= {{Springer}},
  shorttitle	= {On the {{Efficiency}} of {{Python}} for
		  {{High}}-{{Performance Computing}}},
  timestamp	= {2020-04-05T21:55:25Z},
  title		= {On the {{Efficiency}} of {{Python}} for
		  {{High}}-{{Performance Computing}}: {{A Case Study
		  Involving Stencil Updates}} for {{Partial Differential
		  Equations}}},
  year		= {2008}
}

@InProceedings{	  Beazley1997,
  author	= {David M Beazley and Peter S Lomdahl},
  booktitle	= {The Sixth International Python Conference},
  note = {http://legacy.python.org/workshops/1997-10/proceedings/beazley.html},
  institution	= {Los Alamos National Lab., USA},
  lastaccessed2	= {2020-04-12},
  title		= { {Feeding a Large-Scale Physics Application to Python.} },
  year		= {1997}
}

@Article{	  Mpi4py2020,
  author	= {Lisandro Dalcín and {et al.}},
  doi		= {10.1016/j.jpdc.2007.09.005},
  issn		= {0743-7315},
  journal	= {Journal of Parallel and Distributed Computing},
  keywords	= {Message passing, MPI, High-level languages, Parallel
		  Python},
  number	= {5},
  pages		= {655–662},
  title		= { {MPI for Python: Performance Improvements and MPI-2
		  Extensions} },
  url		= {http://www.sciencedirect.com/science/article/pii/S0743731507001712},
  volume	= {68},
  year		= {2008}
}

@Article{	  FiniDiff,
  author	= {Ching Jen Chen and RA Bernatz and Kent D Carlson and
		  Wanlai Lin and G Vahl de Davis},
  journal	= {Appl. Mech. Rev.},
  number	= {2},
  pages		= {B34–B34},
  title		= { {Finite Analytic Method in Flows and Heat Transfer} },
  volume	= {55},
  year		= {2002}
}

@InProceedings{	  Balaji2017,
  author	= {Pavan Balaji and William Gropp and Torsten Hoefler and Rajeev Thakur},
  booktitle	= {Tutorial at SC17: The International Conference for High
		  Performance Computing, Networking, Storage, and Analysis},
  lastaccessed	= {2020-04-12},
  title		= {Advanced {MPI} {P}rogramming},
  note      = {Argonne National Laboratory. http://www.mcs.anl.gov/\texttildelow{}thakur/sc17-mpi-tutorial/},
  year		= {2017}
}

@Misc{		  IEEE,
  author	= {{IEEE Spectrum}},
  lastaccessed	= {2020-06-07},
  title		= { {Interactive: The Top Programming Languages 2020} },
  note      = {http://spectrum.ieee.org/static/interactive-the-top-programming-languages-2020},
  year		= {2020}
}

@Misc{	  MPI-std,
  author	= {{Argonne National Laboratory}},
  month		= dec,
  title		= { {The Message Passing Interface (MPI) Standard} },
  note      = {https://www.mcs.anl.gov/research/projects/mpi/},
  urlaccessdate	= {2020-12-05},
  year		= {2020}
}
